@TechReport{christensen2004archdesc,
  author = "H.B. Christensen and A. Corry and K.M. Hansen",
  title = "An Approach to Software Architecture Description Using {UML}",
  institution = "Computer Science Department, University of Aarhus",
  year = "2004" }

@Book{bass2003sa,
  author = "L. Bass and P. Clements and R. Kazman",
  title = "Software Architecture in Practice",
  publisher = "Addison-Wesley",
  edition = "2",
  year = "2003" }

@Article{allen1998tosem-rev,
  author = "R. Allen and D. Garlan",
  title = "A Formal Basis for Architectural Connection",
  journal = "Transactions of Software Engineering and Methodology (Revised Version)",
  volume = "6",
  number = "3",
  pages = "213--249",
  year = "1998"
}

@article{kruchten1995,
	author = {Kruchten, Philippe  },
	journal = {IEEE Software},
	month = {November},
	number = {6},
	pages = {42--50},
	priority = {2},
	title = {The ``4+1'' View Model of Software Architecture},
	url = {http://citeseer.ist.psu.edu/kruchten95architectural.html},
	volume = {12},
	year = {1995}
}

@TechReport{perrywolf1992,
  author = "Dewayne E. Perry and Alexander L. Wolf",
  title = "Foundations for the Study of Software Architecture",
  institution = "SIGSOFT Software",
  pages = "40-52",
  year = "1992"
}

@TechReport{ieeerecommendedpractice,
  author = "IEEE",
  title = "IEEE Std. 1471-2000. Recommended Practice for Architectural Description of Software-Intensive Systems",
  institution = "IEEE",
  year = "2000"
}

@TechReport{SAiP1H1,
  author = "L. Kringelbach and J. Dalberg and A. H. Poder",
  title = "Exercise 1: Software Architecture Description of 
the HS07 System",
  institution = "AU",
  year = "2008"
}

