@TechReport{christensen2004archdesc,
  author = "H.B. Christensen and A. Corry and K.M. Hansen",
  title = "An Approach to Software Architecture Description Using {UML}",
  institution = "Computer Science Department, University of Aarhus",
  year = "2004" }

@Book{bass2003sa,
  author = "L. Bass and P. Clements and R. Kazman",
  title = "Software Architecture in Practice",
  publisher = "Addison-Wesley",
  edition = "2",
  year = "2003" }

@Article{allen1998tosem-rev,
  author = "R. Allen and D. Garlan",
  title = "A Formal Basis for Architectural Connection",
  journal = "Transactions of Software Engineering and Methodology (Revised Version)",
  volume = "6",
  number = "3",
  pages = "213--249",
  year = "1998"
}

@TechReport{perrywolf1992,
  author = "Dewayne E. Perry and Alexander L. Wolf",
  title = "Foundations for the Study of Software Architecture",
  institution = "SIGSOFT Software",
  pages = "40-52",
  year = "1992"
}

@TechReport{ieeerecommendedpractice,
  author = "IEEE",
  title = "IEEE Std. 1471-2000. Recommended Practice for Architectural Description of Software-Intensive Systems",
  institution = "IEEE",
  year = "2000"
}
